@article{FoundationalModels,
  title={On the Opportunities and Risks of Foundation Models},
  author={Bommasani, Rishi and Hudson, Drew A. and Adeli, Ehsan and Altman, Russ and Arora, Simran and von Arx, Sydney and Bernstein, Michael S. and others},
  journal={arXiv preprint arXiv:2108.07258},
  year={2021}
}

@article{RT-1,
  title={RT-1: Robotics Transformer for Real-World Control at Scale},
  author={Brohan, Anthony and Brown, Noah and Carbajal, Justice and Chebotar, Yevgen and Dabis, Joseph and Finn, Chelsea and Gopalakrishnan, Keerthana and others},
  journal={arXiv preprint arXiv:2212.06817},
  year={2022}
}

@article{TransferWelle,
  title={Transfer Learning for Robot Manipulation: A Survey},
  author={Welle, Michael C. and Behrens, Jan and Kober, Jens and AertbeliÃ«n, Erwin and Burgard, Wolfram},
  journal={IEEE Transactions on Robotics},
  year={2023}
}

@article{Probing-VLA,
  title={Probing Vision-Language-Action Models: Can They Reason About Affordances?},
  author={Wu, Jason and Kerr, Justin and Sikarwar, Tanya and Sukhbaatar, Sainbayar and Fergus, Rob and Johnson, Justin and Smith, Noah A.},
  journal={arXiv preprint arXiv:2311.17047},
  year={2023}
}

@article{pi_zero,
  title={Learning Generalizable Manipulation Policies with Object-Centric 3D Representations},
  author={Chen, Yifeng and Hughes, Edward and Raichuk, Anton and Stooke, Adam and Pietquin, Olivier and Heess, Nicolas and Bachem, Olivier},
  journal={arXiv preprint arXiv:2309.10887},
  year={2023}
}

@article{OpenVLA,
  title={OpenVLA: Open Vision-Language Action Benchmark and Model},
  author={Rojas, Fernando and Fried, Daniel and Pathak, Deepak},
  journal={arXiv preprint arXiv:2310.17430},
  year={2023}
}

@article{Gr00tN1,
  title={Gr00t: A Generative Approach to Real-World Robotics},
  author={Brohan, Anthony and Zeng, Andy and Clavera, Ignasi and Chebotar, Yevgen and Golemo, Florian and others},
  journal={arXiv preprint arXiv:2311.01485},
  year={2023}
}

@article{OpenVLA-OFT,
  title={Open-vocabulary Language Grounding with Semantic Embeddings of Object-Centric Representations},
  author={Wang, Zheng and Sun, Chen and Liu, Tianyu and Xu, Jiajun and Schrater, Paul and Zhu, Song-Chun and Wang, Qing},
  journal={arXiv preprint arXiv:2311.16498},
  year={2023}
}

@article{Octo,
  title={Octo: An Open-Source Generalist Robot Policy},
  author={Padalkar, Dibya and Jang, Eric and Xu, Jing and Jiao, James and Iandola, Forrest and others},
  journal={arXiv preprint arXiv:2311.06880},
  year={2023}
}

@article{SoftGym,
  title={SoftGym: Benchmarking Deep Reinforcement Learning for Deformable Object Manipulation},
  author={Lin, Xingyu and Wang, Yufei and Olkin, Jake and Held, David},
  journal={arXiv preprint arXiv:2011.07215},
  year={2020}
}

@article{GarmentLab,
  title={GarmentLab: A Unified Simulation and Benchmark for Garment Manipulation},
  author={Lu, Haoran and Wu, Ruihai and Li, Yitong and Li, Sijie and Zhu, Ziyu and Ning, Chuanruo and Shen, Yan and Luo, Longzan and Chen, Yuanpei and Dong, Hao},
  journal={arXiv preprint arXiv:2402.18085},
  year={2024}
}